<?xml version="1.0" encoding="utf-8"?>
<record xmlns="http://www.loc.gov/MARC21/slim" xmlns:xsi="http://www.w3.org/2001/XMLSchema-instance" xsi:schemaLocation="http://www.loc.gov/MARC21/slim http://www.loc.gov/standards/marcxml/schema/MARC21slim.xsd">
	<leader>     nam a22        4500</leader>
	<controlfield tag="001">b12319569</controlfield>
	<controlfield tag="003">LeBAU</controlfield>
	<controlfield tag="006">m        d        </controlfield>
	<controlfield tag="007">cr cn |||m|||a</controlfield>
	<controlfield tag="008">170131s1940    le      o     ||0 0 mul d</controlfield>
	<datafield ind1=" " ind2=" " tag="040">
		<subfield code="a">NNU</subfield>
		<subfield code="b">ara</subfield>
		<subfield code="e">rda</subfield>
		<subfield code="c">NNU</subfield>
	</datafield>
	<datafield ind1="0" ind2=" " tag="041">
		<subfield code="a">ara</subfield>
		<subfield code="a">fre</subfield>
	</datafield>
	<datafield ind1="0" ind2="4" tag="082">
		<subfield code="a">133.5</subfield>
		<subfield code="2">20</subfield>
	</datafield>
	<datafield ind1="1" ind2=" " tag="100">
		<subfield code="6">880-01</subfield>
		<subfield code="a">Tūqātī, Luṭf Allāh ibn Ḥasan,</subfield>
		<subfield code="d">-1498 or 1499,</subfield>
		<subfield code="e">author.</subfield>
	</datafield>
	<datafield ind1="1" ind2="0" tag="245">
		<subfield code="6">880-02</subfield>
		<subfield code="a">Risālat taḍʻīf al-madhbaḥ /</subfield>
		<subfield code="c">Mollâ Luṭfî'l Maqtûl ; texte Arabe publié par Serefettin Yaltkaya, professeur à la faculté des lettres de l'Université de Stamboul ; traduction Française et introduction par Abdulhak Adnan, chef de travaux à l'Ếcole Nationale des langues Orientales vivantes et Henry Corbin, bibliothécaire à la Bibliothèque Nationale, membre de l'Institut Française de Stamboul.</subfield>
		<subfield code="c">Mollâ Luṭfî'l Maqtûl ; texte Arabe publié par Serefettin Yaltkaya, professeur à la faculté des lettres de l'Université de Stamboul ; traduction Française et introduction par Abdulhak Adnan, chef de travaux à l'Ecole Nationale des langues Orientales vivantes et Henry Corbin, bibliothécaire à la Bibliothèque Nationale, membre de l'Institut Française de Stamboul.</subfield>
	</datafield>
	<datafield ind1="3" ind2="0" tag="246">
		<subfield code="6">880-03</subfield>
		<subfield code="a">Taḍʻīf al-madhbaḥ</subfield>
	</datafield>
	<datafield ind1="3" ind2="1" tag="246">
		<subfield code="a">Duplication de L'autel :</subfield>
		<subfield code="b">Platon et le Probleme de Delos</subfield>
	</datafield>
	<datafield ind1=" " ind2="1" tag="264">
		<subfield code="6">880-04</subfield>
		<subfield code="a">Bayrūt, [Lubnān] :</subfield>
		<subfield code="b">al-Maṭbaʻah al-kāthūlīkīyah,</subfield>
		<subfield code="c">1940.</subfield>
	</datafield>
	<datafield ind1=" " ind2=" " tag="300">
		<subfield code="6">880-05</subfield>
		<subfield code="a">online resource (23, 61 pages)</subfield>
	</datafield>
	<datafield ind1=" " ind2=" " tag="336">
		<subfield code="a">text</subfield>
		<subfield code="2">rdacontent</subfield>
	</datafield>
	<datafield ind1=" " ind2=" " tag="337">
		<subfield code="a">computer</subfield>
		<subfield code="2">rdamedia</subfield>
	</datafield>
	<datafield ind1=" " ind2=" " tag="338">
		<subfield code="a">online resource</subfield>
		<subfield code="2">rdacarrier</subfield>
	</datafield>
	<datafield ind1="1" ind2=" " tag="490">
		<subfield code="a">Etudes orientales (Institut francais d'archeologie de Stamboul) ;</subfield>
		<subfield code="v">VI</subfield>
	</datafield>
	<datafield ind1=" " ind2=" " tag="500">
		<subfield code="a">Part of the Arabic Collections Online (ACO) project, contributed by American University of Beirut's Jafet Memorial Library.</subfield>
	</datafield>
	<datafield ind1=" " ind2=" " tag="533">
		<subfield code="a">Electronic reproduction.</subfield>
		<subfield code="b">New York, N.Y. :</subfield>
		<subfield code="c">New York University,</subfield>
		<subfield code="d">2017.</subfield>
		<subfield code="5">NNU</subfield>
	</datafield>
	<datafield ind1=" " ind2=" " tag="546">
		<subfield code="a">النص بالعربية والفرنسية.</subfield>
	</datafield>
	<datafield ind1=" " ind2="4" tag="650">
		<subfield code="a">الرياضيات</subfield>
		<subfield code="v">اعمال قديمة حتى 1800.</subfield>
	</datafield>
	<datafield ind1=" " ind2="4" tag="650">
		<subfield code="a">الهندسة</subfield>
		<subfield code="v">أعمال قديمة حتى 1800.</subfield>
	</datafield>
	<datafield ind1=" " ind2="0" tag="650">
		<subfield code="a">Mathematics</subfield>
		<subfield code="v">Early works to 1800.</subfield>
	</datafield>
	<datafield ind1=" " ind2="0" tag="650">
		<subfield code="a">Engineering</subfield>
		<subfield code="v">Early works to 1800.</subfield>
	</datafield>
	<datafield ind1="1" ind2=" " tag="700">
		<subfield code="6">880-06</subfield>
		<subfield code="a">Yāltaqāyā, Muḥammad Sharaf al-Dīn,</subfield>
		<subfield code="e">compiler.</subfield>
	</datafield>
	<datafield ind1="1" ind2=" " tag="700">
		<subfield code="6">880-07</subfield>
		<subfield code="a">Corbin, Henry,</subfield>
		<subfield code="e">translator.</subfield>
	</datafield>
	<datafield ind1="1" ind2=" " tag="700">
		<subfield code="6">880-08</subfield>
		<subfield code="a">‘Adnān, ‘Abd al-Ḥaqq,</subfield>
		<subfield code="e">translator.</subfield>
	</datafield>
	<datafield ind1="2" ind2=" " tag="710">
		<subfield code="a">Jafet Memorial Library.</subfield>
	</datafield>
	<datafield ind1="0" ind2=" " tag="730">
		<subfield code="a">Arabic Collections Online.</subfield>
	</datafield>
	<datafield ind1="0" ind2="8" tag="776">
		<subfield code="i">Print version:</subfield>
		<subfield code="a">Tūqātī, Luṭf Allāh ibn Ḥasan, -1498 or 1499, author.</subfield>
		<subfield code="t">Risālat taḍʻīf al-madhbaḥ</subfield>
		<subfield code="w">(LeBAU)b12319569</subfield>
	</datafield>
	<datafield ind1=" " ind2="0" tag="830">
		<subfield code="a">Etudes orientales (Institut francais d'archeologie de Stamboul) ;</subfield>
		<subfield code="v">6</subfield>
	</datafield>
	<datafield ind1="4" ind2="0" tag="856">
		<subfield code="u">http://hdl.handle.net/2333.1/zcrjdm95</subfield>
	</datafield>
	<datafield ind1="1" ind2=" " tag="880">
		<subfield code="6">100-01/(3/r</subfield>
		<subfield code="a">التوقاتي، لطف الله بن حسن،</subfield>
		<subfield code="d">-1498،</subfield>
		<subfield code="e">مؤلف. </subfield>
		<subfield code="4">aut.</subfield>
	</datafield>
	<datafield ind1="1" ind2="0" tag="880">
		<subfield code="6">245-02/(3/r</subfield>
		<subfield code="a">رسالة تضعيف المذبح /</subfield>
		<subfield code="c">li-Mawlānā Luṭfī al-maqtūl ; ʻuniya bi-taṣḥīḥiha wa nashrihā Muḥammad Sharaf al-Dīn Yāltaqāyā aḥad al-mudarrisīn fī Kulliyat Istanbūl ; Tarjamahā min al-Lughah al-‘Arabīyah ilá al-lughah al-Faransāwīyah wa-kataba al-madkhal ‘alayhā Hānrī Kūrbīn min muḥāfiẓī al-kutub fī Maktabat Bārīs al-malīyah wa-al-Duktūr ‘Abd al-Ḥaqq ‘Adnān min mansūbī Madrasat al-Alsinah al-Sharqīyah bi-Bārīs = Duplication de L'autel : Platon et le Probleme de Delos /</subfield>
		<subfield code="c">Mollâ Luṭfî'l Maqtûl ; texte Arabe publié par Serefettin Yaltkaya, professeur à la faculté des lettres de l'Université de Stamboul ; traduction Française et introduction par Abdulhak Adnan, chef de travaux à l'Ếcole Nationale des langues Orientales vivantes et Henry Corbin, bibliothécaire à la Bibliothèque Nationale, membre de l'Institut Française de Stamboul.</subfield>
	</datafield>
	<datafield ind1="3" ind2="0" tag="880">
		<subfield code="6">246-03/(3/r</subfield>
		<subfield code="a">تضعيف المذبح</subfield>
	</datafield>
	<datafield ind1=" " ind2="1" tag="880">
		<subfield code="6">264-04/(3/r</subfield>
		<subfield code="a">بيروت، [لبنان] :</subfield>
		<subfield code="b">المطبعة الكاثوليكية،</subfield>
		<subfield code="c">1940.</subfield>
	</datafield>
	<datafield ind1=" " ind2=" " tag="880">
		<subfield code="6">300-05/(3/r</subfield>
		<subfield code="a">23، 61 صفحة ؛</subfield>
		<subfield code="c">25 سم.</subfield>
	</datafield>
	<datafield ind1="1" ind2=" " tag="880">
		<subfield code="6">700-06/(3/r</subfield>
		<subfield code="a">يالتقايا، محمد شرف الدين،</subfield>
		<subfield code="e">معد. </subfield>
		<subfield code="4">com.</subfield>
	</datafield>
	<datafield ind1="1" ind2=" " tag="880">
		<subfield code="6">700-07/(3/r</subfield>
		<subfield code="a">كوربين، هنري،</subfield>
		<subfield code="e">مترجم. </subfield>
		<subfield code="4">trl.</subfield>
	</datafield>
	<datafield ind1="1" ind2=" " tag="880">
		<subfield code="6">700-08/(3/r</subfield>
		<subfield code="a">عدنان، عبد الحق،</subfield>
		<subfield code="e">مترجم. </subfield>
		<subfield code="4">trl.</subfield>
	</datafield>
	<datafield ind1=" " ind2=" " tag="959">
		<subfield code="a">NNU</subfield>
		<subfield code="b">WEB</subfield>
		<subfield code="c">GENI</subfield>
		<subfield code="t">0</subfield>
		<subfield code="m">Electronic access</subfield>
		<subfield code="s">01</subfield>
	</datafield>
	<datafield ind1=" " ind2=" " tag="999">
		<subfield code="i">LeBAU_b12319569</subfield>
		<subfield code="s">aub_aco000538</subfield>
		<subfield code="e">(ERROR-880)(ERROR-MISC)</subfield>
	</datafield>
</record>
